
@ARTICLE{Abraham1983,
author={Abraham, B. and Ledolter, J.},
journal={Statistical Methods for Forecasting},
year={1983},
note={cited By (since 1996)207},
}

@ARTICLE{Abraham198651,
author={Abraham, B. and Ledolter, J.},
title={Forecast functions implied by autoregressive integrated moving average models and other related forecast procedures},
journal={International Statistical Review},
year={1986},
volume={54},
pages={51-66},
note={cited By (since 1996)14},
}

@ARTICLE{Archibald1990199,
author={Archibald, B.C.},
title={Parameter space of the Holt-winters' model},
journal={International Journal of Forecasting},
year={1990},
volume={6},
number={2},
pages={199-209},
note={cited By (since 1996)8},
}

@ARTICLE{Archibald2003143,
author={Archibald, B.C. and Koehler, A.B.},
title={Normalization of seasonal factors in Winter's methods},
journal={International Journal of Forecasting},
year={2003},
volume={19},
number={1},
pages={143-148},
note={cited By (since 1996)6},
}

@ARTICLE{Assimakopoulos2000521,
author={Assimakopoulos, V. and Nikolopoulos, K.},
title={The theta model: A decomposition approach to forecasting},
journal={International Journal of Forecasting},
year={2000},
volume={16},
number={4},
pages={521-530},
note={cited By (since 1996)48},
}

@ARTICLE{Bartolomei1989111,
author={Bartolomei, S.M. and Sweet, A.L.},
title={A note on a comparison of exponential smoothing methods for forecasting seasonal series},
journal={International Journal of Forecasting},
year={1989},
volume={5},
number={1},
pages={111-116},
note={cited By (since 1996)8},
}

@ARTICLE{Box1976,
author={Box, G.E.P. and Jenkins, G.M.},
journal={Time Series Analysis: Forecasting and Control},
year={1976},
note={cited By (since 1996)7304},
}

@ARTICLE{Brown1959,
author={Brown, R.G.},
journal={Statistical Forecasting for Inventory Control},
year={1959},
note={cited By (since 1996)127},
}

@ARTICLE{Brown1963,
author={Brown, R.G.},
journal={Smoothing, Forecasting and Prediction of Discrete Time Series},
year={1963},
note={cited By (since 1996)192},
}

@ARTICLE{Carreno1990479,
author={Carreno, J.J. and Madinaveitia, J.},
title={A modification of time series forecasting methods for handling announced price increases},
journal={International Journal of Forecasting},
year={1990},
volume={6},
number={4},
pages={479-484},
note={cited By (since 1996)3},
}

@ARTICLE{Chatfield199131,
author={Chatfield, C. and Yar, M.},
title={Prediction intervals for multiplicative Holt-Winters},
journal={International Journal of Forecasting},
year={1991},
volume={7},
number={1},
pages={31-37},
note={cited By (since 1996)24},
}

@ARTICLE{Chatfield2001147,
author={Chatfield, C. and Koehler, A.B. and Ord, J.K. and Snyder, R.D.},
title={A new look at models for exponential smoothing},
journal={Journal of the Royal Statistical Society Series D: The Statistician},
year={2001},
volume={50},
number={2},
pages={147-159},
note={cited By (since 1996)36},
}

@ARTICLE{Collopy19921394,
author={Collopy, F. and Armstrong, J.S.},
title={Rule-based forecasting: Development and validation of an expert systems approach to combining time series extrapolations},
journal={Management Science},
year={1992},
volume={38},
number={10},
pages={1394-1414},
note={cited By (since 1996)90},
}

@ARTICLE{GardnerES19851,
author={Gardner E.S., Jr.},
title={Exponential smoothing: The state of the art},
journal={Journal of Forecasting},
year={1985},
volume={4},
number={1},
pages={1-28},
note={cited By (since 1996)205},
}

@ARTICLE{GardnerJr1993245,
author={Gardner Jr., E.S.},
title={Forecasting the failure of component parts in computer systems: A case study},
journal={International Journal of Forecasting},
year={1993},
volume={9},
number={2},
pages={245-253},
note={cited By (since 1996)5},
}

@ARTICLE{GardnerJr1988863,
author={Gardner Jr., E.S. and McKenzie, E.},
title={Model identification in exponential smoothing},
journal={Journal of the Operational Research Society},
year={1988},
volume={39},
pages={863-867},
note={cited By (since 1996)17},
}

@ARTICLE{Grubb200171,
author={Grubb, H. and Mason, A.},
title={Long lead-time forecasting of UK air passengers by Holt-Winters methods with damped trend},
journal={International Journal of Forecasting},
year={2001},
volume={17},
number={1},
pages={71-82},
note={cited By (since 1996)26},
}

@ARTICLE{Holt20045,
author={Holt, C.C.},
title={Forecasting seasonals and trends by exponentially weighted moving averages},
journal={International Journal of Forecasting},
year={2004},
volume={20},
number={1},
pages={5-10},
note={cited By (since 1996)77},
}

@ARTICLE{Hyndman2001567,
author={Hyndman, R.J.},
title={It's time to move from 'what' to 'why'},
journal={International Journal of Forecasting},
year={2001},
volume={17},
number={4},
pages={567-570},
note={cited By (since 1996)7},
}

@ARTICLE{Hyndman2003287,
author={Hyndman, R.J. and Billah, B.},
title={Unmasking the Theta method},
journal={International Journal of Forecasting},
year={2003},
volume={19},
number={2},
pages={287-290},
note={cited By (since 1996)23},
}

@ARTICLE{Hyndman2002439,
author={Hyndman, R.J. and Koehler, A.B. and Snyder, R.D. and Grose, S.},
title={A state space framework for automatic forecasting using exponential smoothing methods},
journal={International Journal of Forecasting},
year={2002},
volume={18},
number={3},
pages={439-454},
note={cited By (since 1996)108},
}

@ARTICLE{Hyndman200517,
author={Hyndman, R.J. and Koehler, A.B. and Ord, J.K. and Snyder, R.D.},
title={Prediction intervals for exponential smoothing using two new classes of state space models},
journal={Journal of Forecasting},
year={2005},
volume={24},
number={1},
pages={17-37},
note={cited By (since 1996)28},
}

@ARTICLE{Johnston1986303,
author={Johnston, F.R. and Harrison, P.J.},
title={VARIANCE OF LEAD-TIME DEMAND.},
journal={Journal of the Operational Research Society},
year={1986},
volume={37},
number={3},
pages={303-308},
note={cited By (since 1996)14},
}

@ARTICLE{Koehler2001269,
author={Koehler, A.B. and Snyder, R.D. and Ord, J.K.},
title={Forecasting models and prediction intervals for the multiplicative Holt-Winters method},
journal={International Journal of Forecasting},
year={2001},
volume={17},
number={2},
pages={269-286},
note={cited By (since 1996)28},
}

@ARTICLE{Lawton1998393,
author={Lawton, R.},
title={How should additive Holt-Winters estimates be corrected?},
journal={International Journal of Forecasting},
year={1998},
volume={14},
number={3},
pages={393-403},
note={cited By (since 1996)10},
}

@ARTICLE{Ledolter198479,
author={Ledolter, J. and Abraham, B.},
title={Some comments on the initialization of exponential smoothing},
journal={Journal of Forecasting},
year={1984},
volume={3},
pages={79-84},
note={cited By (since 1996)9},
}

@ARTICLE{Makridakis1991317,
author={Makridakis, S. and Hibon, M.},
title={Exponential smoothing: The effect of initial values and loss functions on post-sample forecasting accuracy},
journal={International Journal of Forecasting},
year={1991},
volume={7},
number={3},
pages={317-330},
note={cited By (since 1996)8},
}

@ARTICLE{McClain1988563,
author={McClain, J.O.},
title={Dominant tracking signals},
journal={International Journal of Forecasting},
year={1988},
volume={4},
number={4},
pages={563-572},
note={cited By (since 1996)7},
}

@ARTICLE{McKenzie1984333,
author={McKenzie, E.},
title={General exponential smoothing and the equivalent ARMA process},
journal={Journal of Forecasting},
year={1984},
volume={3},
number={3},
pages={333-344},
note={cited By (since 1996)31},
}

@ARTICLE{Mckenzie1986373,
author={Mckenzie, Ed.},
title={Error analysis for winters' additive seasonal forecasting system},
journal={International Journal of Forecasting},
year={1986},
volume={2},
number={3},
pages={373-382},
note={cited By (since 1996)4},
}

@ARTICLE{Miller1993509,
author={Miller, T. and Liberatore, M.},
title={Seasonal exponential smoothing with damped trends. An application for production planning},
journal={International Journal of Forecasting},
year={1993},
volume={9},
number={4},
pages={509-515},
note={cited By (since 1996)10},
}

@ARTICLE{Muth1960299,
author={Muth, J.F.},
title={Optimal properties of exponentially weighted forecasts},
journal={Journal of the American Statistical Association},
year={1960},
volume={55},
number={290},
pages={299-306},
note={cited By (since 1996)184},
}

@ARTICLE{Newbold1989523,
author={Newbold, P. and Bos, T.},
title={On exponential smoothing and the assumption of deterministic trend plus white noise data-generating models},
journal={International Journal of Forecasting},
year={1989},
volume={5},
number={4},
pages={523-527},
note={cited By (since 1996)7},
}

@ARTICLE{Ord19971621,
author={Ord, J.K. and Koehler, A.B. and Snyder, R.D.},
title={Estimation and prediction for a class of dynamic nonlinear statistical models},
journal={Journal of the American Statistical Association},
year={1997},
volume={92},
number={440},
pages={1621-1629},
note={cited By (since 1996)80},
}

@ARTICLE{Pan2005695,
author={Pan, X.},
title={An alternative approach to multivariate EWMA control chart},
journal={Journal of Applied Statistics},
year={2005},
volume={32},
number={7},
pages={695-705},
note={cited By (since 1996)4},
}

@ARTICLE{Pegels1969311,
author={Pegels, C.C.},
title={Exponential forecasting: Some new variations},
journal={Management Science},
year={1969},
volume={12},
number={5},
pages={311-315},
note={cited By (since 1996)35},
}

@ARTICLE{Pfeffermann198983,
author={Pfeffermann, D. and Allon, J.},
title={Multivariate exponential smoothing: Method and practice},
journal={International Journal of Forecasting},
year={1989},
volume={5},
number={1},
pages={83-98},
note={cited By (since 1996)13},
}

@ARTICLE{Roberts1982808,
author={Roberts, S.A.},
title={A General Class of Holt-Winters Type Forecasting Models},
journal={Management Science},
year={1982},
volume={28},
number={7},
pages={808-820},
note={cited By (since 1996)0},
}

@ARTICLE{Rosas1994515,
author={Rosas, A.L. and Guerrero, V.M.},
title={Restricted forecasts using exponential smoothing techniques},
journal={International Journal of Forecasting},
year={1994},
volume={10},
number={4},
pages={515-527},
note={cited By (since 1996)5},
}

@ARTICLE{Satchell1995407,
author={Satchell, S. and Timmermann, A.},
title={On the optimality of adaptive expectations: Muth revisited},
journal={International Journal of Forecasting},
year={1995},
volume={11},
number={3},
pages={407-416},
note={cited By (since 1996)9},
}

@ARTICLE{Snyder1985272,
author={Snyder, R.D.},
title={Recursive estimation of dynamic linear models},
journal={Journal of the Royal Statistical Society, Series B},
year={1985},
volume={47},
number={2},
pages={272-276},
note={cited By (since 1996)40},
}

@ARTICLE{Sweet1985235,
author={Sweet, A.L.},
title={Computing the variance of the forecast error for the Holt-Winters seasonal models},
journal={Journal of Forecasting},
year={1985},
volume={4},
pages={235-243},
note={cited By (since 1996)6},
}

@ARTICLE{Sweet1988573,
author={Sweet, A.L. and Wilson, J.R.},
title={Pitfalls in simulation-based evaluation of forecast monitoring schemes},
journal={International Journal of Forecasting},
year={1988},
volume={4},
number={4},
pages={573-579},
note={cited By (since 1996)1},
}

@ARTICLE{Tashman1996235,
author={Tashman, L.J. and Kruk, J.M.},
title={The use of protocols to select exponential smoothing procedures: A reconsideration of forecasting competitions},
journal={International Journal of Forecasting},
year={1996},
volume={12},
number={2},
pages={235-253},
note={cited By (since 1996)12},
}

@ARTICLE{Taylor2003715,
author={Taylor, J.W.},
title={Exponential smoothing with a damped multiplicative trend},
journal={International Journal of Forecasting},
year={2003},
volume={19},
number={4},
pages={715-725},
note={cited By (since 1996)42},
}

@ARTICLE{Williams1999273,
author={Williams, D.W. and Miller, D.},
title={Level-adjusted exponential smoothing for modeling planned discontinuities},
journal={International Journal of Forecasting},
year={1999},
volume={15},
number={3},
pages={273-289},
note={cited By (since 1996)8},
}

@ARTICLE{Winters1960324,
author={Winters, P.R.},
title={Forecasting sales by exponentially weighted moving averages},
journal={Management Science},
year={1960},
volume={6},
number={3},
pages={324-342},
note={cited By (since 1996)264},
}

@ARTICLE{Yar1990127,
author={Yar, M. and Chatfield, C.},
title={Prediction intervals for the Holt-Winters forecasting procedure},
journal={International Journal of Forecasting},
year={1990},
volume={6},
number={1},
pages={127-137},
note={cited By (since 1996)31},
}

@ARTICLE{deAlba199395,
author={de Alba, E.},
title={Constrained forecasting in autoregressive time series models: A Bayesian analysis},
journal={International Journal of Forecasting},
year={1993},
volume={9},
number={1},
pages={95-108},
note={cited By (since 1996)6},
}

@ARTICLE{Ariño2000111,
author={Ariño, M.A. and Franses, P.H.},
title={Forecasting the levels of vector autoregressive log-transformed time series},
journal={International Journal of Forecasting},
year={2000},
volume={16},
number={1},
pages={111-116},
note={cited By (since 1996)11},
}

@ARTICLE{Artis1990349,
author={Artis, M.J. and Zhang, W.},
title={BVAR forecasts for the G-7},
journal={International Journal of Forecasting},
year={1990},
volume={6},
number={3},
pages={349-362},
note={cited By (since 1996)11},
}

@ARTICLE{Ashley1988363,
author={Ashley, R.},
title={On the relative worth of recent macroeconomic forecasts},
journal={International Journal of Forecasting},
year={1988},
volume={4},
number={3},
pages={363-376},
note={cited By (since 1996)16},
}

@ARTICLE{Bhansali1996577,
author={Bhansali, R.J.},
title={Asymptotically efficient autoregressive model selection for multistep prediction},
journal={Annals of the Institute of Statistical Mathematics},
year={1996},
volume={48},
number={3},
pages={577-602},
note={cited By (since 1996)37},
}

@ARTICLE{Bhansali1999295,
author={Bhansali, R.J.},
title={Autoregressive model selection for multistep prediction},
journal={Journal of Statistical Planning and Inference},
year={1999},
volume={78},
number={1-2},
pages={295-305},
note={cited By (since 1996)5},
}

@ARTICLE{Bianchi1998497,
author={Bianchi, L. and Jarrett, J. and Choudary Hanumara, R.},
title={Improving forecasting for telemarketing centers by ARIMA modeling with intervention},
journal={International Journal of Forecasting},
year={1998},
volume={14},
number={4},
pages={497-504},
note={cited By (since 1996)20},
}

@ARTICLE{Bidarkota1998457,
author={Bidarkota, P.V.},
title={The comparative forecast performance of univariate and multivariate models: An application to real interest rate forecasting},
journal={International Journal of Forecasting},
year={1998},
volume={14},
number={4},
pages={457-468},
note={cited By (since 1996)10},
}

@ARTICLE{Box1994,
author={Box, G.E.P. and Jenkins, G.M. and Reinsel, G.C.},
journal={Time Series Analysis: Forecasting and Control},
year={1994},
note={cited By (since 1996)3221},
}

@ARTICLE{Chatfield198819,
author={Chatfield, C.},
title={What is the 'best' method of forecasting?},
journal={Journal of Applied Statistics},
year={1988},
volume={15},
number={1},
pages={19-38},
note={cited By (since 1996)12},
}

@ARTICLE{Chevillon2005201,
author={Chevillon, G. and Hendry, D.F.},
title={Non-parametric direct multi-step estimation for forecasting economic processes},
journal={International Journal of Forecasting},
year={2005},
volume={21},
number={2},
pages={201-218},
note={cited By (since 1996)31},
}

@ARTICLE{Cholette1982375,
author={Cholette, P.A.},
title={Prior Information and ARIMA Forecasting},
journal={Journal of Forecasting},
year={1982},
volume={1},
number={4},
pages={375-383},
note={cited By (since 1996)0},
}

@ARTICLE{Cholette1986201,
author={Cholette, P.A. and Lamy, R.},
title={Multivariate ARIMA forecasting of irregular time series},
journal={International Journal of Forecasting},
year={1986},
volume={2},
pages={201-216},
note={cited By (since 1996)2},
}

@ARTICLE{Cummins1985203,
author={Cummins, J.D. and Griepentrog, G.L.},
title={Forecasting automobile insurance paid claim costs using econometric and ARIMA models},
journal={International Journal of Forecasting},
year={1985},
volume={1},
number={3},
pages={203-215},
note={cited By (since 1996)1},
}

@ARTICLE{deGooijer1992501,
author={de Gooijer, J.G. and Klein, A.},
title={On the cumulated multi-step-ahead predictions of vector autoregressive moving average processes},
journal={International Journal of Forecasting},
year={1992},
volume={7},
number={4},
pages={501-513},
note={cited By (since 1996)4},
}

@ARTICLE{DelMoral1997237,
author={Del Moral, M.J. and Valderrama, M.J.},
title={A principal component approach to dynamic regression models},
journal={International Journal of Forecasting},
year={1997},
volume={13},
number={2},
pages={237-244},
note={cited By (since 1996)4},
}

@ARTICLE{Dhrymes198881,
author={Dhrymes, P.J. and Peristiani, S.C.},
title={A comparison of the forecasting performance of WEFA and ARIMA time series methods},
journal={International Journal of Forecasting},
year={1988},
volume={4},
number={1},
pages={81-101},
note={cited By (since 1996)1},
}

@ARTICLE{Dhrymes1998187,
author={Dhrymes, P.J. and Thomakos, D.D.},
title={Structural VAR, MARMA and open economy models},
journal={International Journal of Forecasting},
year={1998},
volume={14},
number={2},
pages={187-198},
note={cited By (since 1996)4},
}

@ARTICLE{DiCaprio59,
author={Di Caprio, U. and Genesio, R. and Pozzi, S. and Vicino, A.},
title={Short term load forecasting in electric power systems: A comparison of ARMA models and extended wiener filtering},
journal={J. Forecast.},
volume={2},
pages={59-76},
note={cited By (since 1996)2},
}

@ARTICLE{Downs1983377,
author={Downs, G.W. and Rocke, D.M.},
title={Municipal budget forecasting with multivariate ARMA models},
journal={Journal of Forecasting},
year={1983},
volume={2},
pages={377-387},
note={cited By (since 1996)1},
}

@ARTICLE{duPreez2003435,
author={du Preez, J. and Witt, S.F.},
title={Univariate versus multivariate time series forecasting: An application to international tourism demand},
journal={International Journal of Forecasting},
year={2003},
volume={19},
number={3},
pages={435-451},
note={cited By (since 1996)44},
}

@ARTICLE{Edlund1984297,
author={Edlund, P.-E.},
title={Identification of the multi-input Box-jenkins transfer functions model},
journal={Journal of Forecasting},
year={1984},
volume={3},
pages={297-308},
note={cited By (since 1996)5},
}

@ARTICLE{Edlund199361,
author={Edlund, P.-O. and Karlsson, S.},
title={Forecasting the Swedish unemployment rate VAR vs. transfer function modelling},
journal={International Journal of Forecasting},
year={1993},
volume={9},
number={1},
pages={61-76},
note={cited By (since 1996)7},
}

@ARTICLE{Engle1987251,
author={Engle, R.F. and Granger, C.W.J.},
title={Cointegration and error correction: Representation, estimation and testing},
journal={Econometrica},
year={1987},
volume={55},
number={2},
pages={251-276},
note={cited By (since 1996)7158},
}

@ARTICLE{Funke1990363,
author={Funke, M.},
title={Assessing the forecasting accuracy of monthly vector autoregressive models. The case of five OECD countries},
journal={International Journal of Forecasting},
year={1990},
volume={6},
number={3},
pages={363-378},
note={cited By (since 1996)8},
}

@ARTICLE{Geriner1991127,
author={Geriner, P.T. and Ord, J.K.},
title={Automatic forecasting using explanatory variables: A comparative study},
journal={International Journal of Forecasting},
year={1991},
volume={7},
number={2},
pages={127-140},
note={cited By (since 1996)7},
}

@ARTICLE{Geurts1986261,
author={Geurts, M.D. and Patrick Kelly, J.},
title={Forecasting retail sales using alternative models},
journal={International Journal of Forecasting},
year={1986},
volume={2},
number={3},
pages={261-272},
note={cited By (since 1996)9},
}

@ARTICLE{Geurts1990497,
author={Geurts, M.D. and Kelly, J.P.},
title={"In defense of ARIMA modeling", by D.J. Pack},
journal={International Journal of Forecasting},
year={1990},
volume={6},
number={4},
pages={497-499},
note={cited By (since 1996)1},
}

@ARTICLE{Grambsch199053,
author={Grambsch, P. and Stahel, W.A.},
title={Forecasting demand for special telephone services. A case study},
journal={International Journal of Forecasting},
year={1990},
volume={6},
number={1},
pages={53-64},
note={cited By (since 1996)13},
}

@ARTICLE{Guerrero1991339,
author={Guerrero, V.M.},
title={ARIMA forecasts with restrictions derived from a structural change},
journal={International Journal of Forecasting},
year={1991},
volume={7},
number={3},
pages={339-347},
note={cited By (since 1996)5},
}

@ARTICLE{Gupta1987195,
author={Gupta, S.},
title={Testing causality. Some caveats and a suggestion},
journal={International Journal of Forecasting},
year={1987},
volume={3},
number={2},
pages={195-209},
note={cited By (since 1996)1},
}

@ARTICLE{Hafer1989399,
author={Hafer, R.W. and Sheehan, R.G.},
title={The sensitivity of VAR forecasts to alternative lag structures},
journal={International Journal of Forecasting},
year={1989},
volume={5},
number={3},
pages={399-408},
note={cited By (since 1996)17},
}